
@article{Lesaffre1991multivariate,
    title = {Multivariate probit analysis: a neglected procedure in medical statistics},
    year = {1991},
    journal = {Statistics in Medicine},
    author = {Lesaffre, E. and Molenberghs, G.},
    pages = {1391--1403},
    volume = {10},
    number = {9}
    
}

@article{VanderWeele2011causal,
    title = {Causal mediation analysis with survival data},
    year = {2011},
    journal = {Epidemiology},
    author = {VanderWeele, Tyler J},
    pages = {582--585},
    volume = {22},
    number = {4},
    publisher={Lippincott Williams & Wilkins}


}

@article{Trevor2000backfitting,
    title = {Bayesian Backfitting},
    year = {2000},
    journal = {Statistical Science},
    author = {Hastie, T. and Tibshirani, R.},
    pages = {196--223},
    volume = {15},
    number = {3},
    publisher={Institute of Mathematical Statistics}
}







@article{Gelfand1990gibbs,
    title = {Sampling-Based Approaches to Calculating Marginal Densities},
    year = {1990},
    journal = {Journal of the American Statistical Association},
    author = {Gelfand, A.E. and Smith, A.F.M.},
    pages = {398--409},
    volume = {85},
    number = {410}
}




@article{Richards1999delay,
    title = {Influence of delay on survival in patients with breast cancer: a systematic review},
    year = {1999},
    journal = {Lancet},
    author = {Richards, M.A and Westcombe, A.M and Love, S.B. and Littlejohns, P. Ramirej, A.J.},
    pages = {1119--1126},
    volume = {353},
    number = {9159}
}







@article{Bleicher2016breastcancersurvival,
    title = {Time to Surgery and Breast Cancer Survival in the United States},
    year = {2016},
    journal = {JAMA Oncology},
    author = {Bleicher, R.J. and Ruth, K. and Sigurdson, E.R. and Beck, R.J. and Ross, E. and Wong, Y-N. and Patel, S.A. and Boraas,  M. and Chang, E.I. and Topham, N.S. and Egleston, B.L.},
    pages = {330--339},
    volume = {2},
    number = {3},
    publisher={JAMA Network}
}









@article{Gwyn2004racialdifference,
    title = {Racial differences in diagnosis, treatment, and clinical delays in a population-based study of patients with newly diagnosed breast carcinoma},
    year = {2004},
    journal = {American Cancer Society},
    author = {Gwyn, K. and Bondy, M.L. and Cohen, D.S. and Lund, M.J. and Liff, J.M. and Flagg, E.W. and Brinton, L.A. and Eley, W.J. and Coates, R.J.},
    pages = {1595--1604},
    volume = {100},
    number = {8},
    publisher={Wiley}
}



@article{AlbertJ.H.1993binary,
    title = {{Bayesian analysis of binary and polychotomous response data.}},
    year = {1993},
    journal = {Journal of the American Statistical Association},
    author = {{Albert J.H.} and S., Chib},
    pages = {669--679},
    volume = {422}
}

@article{Wall2004spatial,
  title={A close look at the spatial structure implied by the CAR and SAR models},
  author={Wall, M.M},
  journal={Journal of Statistical Planning and Inference},
  volume={121},
  number={2},
  pages={311--324},
  year={2004},
  publisher={Elsevier}


}


@article{Gelman2006PriorDraper,
    title = {{Prior distributions for variance parameters in hierarchical models (comment on article by Browne and Draper)}},
    year = {2006},
    journal = {Bayesian Analysis},
    author = {Gelman, A.},
    number = {3},
    pages = {515--534},
    volume = {1},
    publisher = {International Society for Bayesian Analysis}
}

@article{Cox1972Regression,
  author = {Cox, D.R.},
  title = {Regression Models and Life-Tables},
  journal = {Journal of the Royal Statistical Society: Series B (Methodological)},
  volume = {34},
  number = {2},
  pages = {187--202},
  year = {1972},

}







@book{Hougaard1995survival,
  author = {Hougaard, P.},
  title = {Analysis of Multivariate Survival Data},
  year = {2000},
  publisher={Springer}
}






@article{Cai2011clustered,
  author = {Cai, Jianwen and Zeng, Donglin},
  title = {Additive Mixed Effect Model for Clustered Failure Time Data},
  journal = {Biometrics},
  volume = {67},
  number = {4},
  pages = {1340--1351},
  year = {2011},
  publisher={The International Biometric Society}
}





@article{Chang2022propensity,
  author = {Chang, Ting-Hsuan and Stuart,Elizabeth A. },
  title = {Propensity score methods for observational studies with clustered data: A review},
  journal = {Statistics in Medicine},
  volume = {41},
  number = {18},
  pages = {3612--3626},
  year = {2022},
  publisher={Wiley}
}






@article{Besag1974lattice,
  author = {Besag, J.},
  title = {Spatial Interaction and the Statistical Analysis of Lattice Systems},
  journal = {Journal of the Royal Statistical Society: Series B (Methodological)},
  volume = {36},
  number = {2},
  pages = {192--225},
  year = {1974},
  publisher={Oxford Academic}
}







@article{Ghosh2024survival,
  author = {Ghosh, D. and Sinha, D. and Linero, A.R. and Rust, G.},
  title = {Analysis of spatially clustered survival data with unobserved covariates using SBART},
  journal = {arXiv},
  volume = {},
  number = {},
  pages = {},
  year = {2024},
  publisher={arXiv}
}







@book{Banerjee2014spatial,
    author={Banerjee, S. and Carlin, B.P. and Gelfand, A.E.},
    title ={Hierarchical Modeling and Analysis for Spatial Data},
    publisher ={Chapman \& Hall} ,
    year = {2014}
}







@article{Zigler2014propensity,
  author = {Zigler, C.M. and Dominici, F.},
  title = {Uncertainty in Propensity Score Estimation: Bayesian Methods for Variable Selection and Model Averaged Causal Effects},
  journal = {Journal of the American Statistical Association},
  volume = {109},
  number = {505},
  pages = {95--107},
  year = {2014}
}






@article{Geneletti2015bayesian,
  author = {Geneletti, S. and O'Keeffe, A.G. and Sharples, L.D. Richardson, S. and Baio,  G.},
  title = {Bayesian regression discontinuity designs: incorporating clinical knowledge in the causal analysis of primary care data},
  journal = {Statistics in Medicine},
  volume = {34},
  number = {15},
  pages = {2334--2352},
  year = {2015},
  publisher={Wiley}
}








@article{Zang2023causal,
  author = {Zang, H. and  Kim, H.J. and Huang, Bin and Szczesniak, Rhonda},
  title = {Bayesian causal inference for observational studies with missingness in covariates and outcomes},
  journal = {Biometrics},
  volume = {79},
  number = {4},
  pages = {3624--3636},
  year = {2023}
}











@article{xu2010estimating,
  author = {Xu, Stanley and Ross, Colleen and Raebel, Marsha A. and Shetterly,  Susan and Blanchette, Christopher and Smith, David},
  title = {Use of stabilized inverse propensity scores as weights to directly estimate relative risk and its confidence intervals},
  journal = {Value In Health},
  volume = {13},
  number = {2},
  pages = {273--277},
  year = {2010},
  publisher={ International Society for Pharmacoeconomics and Outcomes Research (ISPOR)}
}






@article{austin2010absolute,
  author = {Austin, P.C.},
  title = {Absolute risk reductions and numbers needed to treat can be obtained from adjusted survival models for time-to-event outcomes},
  journal = {Journal Of Clinical Epidemiology},
  volume = {63},
  number = {1},
  pages = {46--55},
  year = {2010}
}









@article{sugihara2010survival,
  author = {Sugihara, Masahiro},
  title = {Survival analysis using inverse probability of treatment weighted methods based on the generalized propensity score},
  journal = {Pharmaceutical Statistics},
  volume = {9},
  number = {1},
  pages = {21-34},
  year = {2010},
  publisher={Wiley}
}






@article{Lee2024survival,
  title={Nonparametric Causal Survival Analysis with Clustered Interference},
  author={Lee, Chanhwa and Zeng, Donglin and Emch, Michael and Clemens, John D. and Hudgens,  Michael G.},
  journal={arXiv},
  volume={},
  number={},
  pages={},
  year={2024},
  publisher={arXiv}
}







@article{Hu2024heterogeneity,
  title={A new method for clustered survival data: Estimation of treatment effect heterogeneity and variable selection},
  author={Hu, L.},
  journal={Biometrical Journal},
  volume={66},
  number={1},
  pages={2200178},
  year={2024},
  publisher={Wiley}
}








@article{Hu2022clusteredsurvival,
  title={A flexible approach for causal inference with multiple treatments and clustered survival outcomes},
  author={Hu, L. and Ji, J. and Ennis, R.D. and Hogan, J.W.},
  journal={Statistics in Medicine},
  volume={41},
  number={25},
  pages={4982--4999},
  year={2022},
  publisher={Wiley}
}





@article{Andersen2021observational,
  title={Analysis of time-to-event for observational studies: Guidance to the use of intensity models},
  author={Andersen, K.P. and Perme, M.P. and Houwelingen, H.C.V. and Cook, R.J. and Joly, P. and Martinussen, T. and Taylor,  J.M.G. and Abrahamowicz,  M. and Therneau, T.M.},
  journal={Bayesian Analysis},
  volume={40},
  number={1},
  pages={185--211},
  year={2021},
  publisher={John Wiley & Sons Ltd.}
}





@article{Zhang2011observational,
  title={Estimating differences in restricted mean lifetime using observational data subject to dependent censoring},
  author={Zhang, M. and Schaubel,  D.E.},
  journal={Biometrics},
  volume={67},
  number={3},
  pages={740--749},
  year={2011}
}






@article{Zhang2012robust,
  title={Contrasting treatment-specific survival using double-robust estimators},
  author={Zhang, M. and Schaubel,  D.E.},
  journal={Statistics in Medicine},
  volume={31},
  number={30},
  pages={4255--4268},
  year={2012}
}






@article{Zhu2020survival,
  title={Targeted estimation of heterogeneous treatment effect in observational survival analysis},
  author={Zhu, J. and Gallego, B.},
  journal={Journal of Biomedical Informatics},
  volume={107},
  number={1},
  pages={103474},
  year={2020}
}







@article{Arni2020deepsurvival,
  title={Deep learning for survival outcomes},
  author={Steingrimsson, Arni J. and Morrison, Samantha},
  journal={Statistics In Medicine},
  volume={39},
  number={17},
  pages={2339--2349},
  year={2020},
  publisher={Wiley}
}







@article{Zhang2017causalforest,
  title={Mining heterogeneous causal effects for personalized cancer treatment},
  author={Zhang, W. and Le, T.D. and Liu, L. and  Zhou, Z.H. and  Li, J.},
  journal={Bioinformatics},
  volume={33},
  number={15},
  pages={2372--2378},
  year={2017}
}




@article{tian2014interaction,
  author = {Tian, L. and Alizadeh, A.A. and Gentles, Andrew J. and Tibshirani, Robert},
  title = {A Simple Method for Estimating Interactions between a Treatment and a Large Number of Covariates
},
  journal = {Journal of the American Statistical Association
},
  volume = {109},
  number = {508},
  pages = {1517--1532},
  year = {2014}
}




@article{Arman2021nonparametric,
  title={A practical introduction to Bayesian estimation of causal effects: Parametric and nonparametric approaches},
  author={Oganisian, A. and Roy, J.A.},
  journal={Statistics in Medicine},
  volume={40},
  number={2},
  pages={518--551},
  year={2021}
}






@article{Roy2018nonparametric,
  title={Bayesian nonparametric generative models for causal inference with missing at random covariates},
  author={Roy, J. and Lum, K.J. and Zeldow, Bret and Dworkin, Jordan D. and Lo, Vincent R. and Daniels, Michael J.},
  journal={Biometrics},
  volume={74},
  number={4},
  pages={1193--1202},
  year={2018}
  }




@article{zigler2015propensity,
  title={The central role of Bayes’ Theorem for joint estimation of causal effects and propensity scores},
  author={Zigler, C.M.},
  journal={American Statistician},
  volume={70},
  number={1},
  pages={47--54},
  year={2015},

}




@article{rubin1979regression,
  title={Using Multivariate Matched Sampling and Regression Adjustment to Control Bias in Observational Studies},
  author={Rubin, D.B.},
  journal={Journal of the American Statistical Association},
  volume={74},
  number={366},
  pages={318--328},
  year={1979},
  publisher={Taylor & Francis, Ltd.}
}





@article{Ding2018missingdata,
  title={Causal Inference: A Missing Data Perspective},
  author={Ding, Peng and Li, Fan},
  journal={Statistical Science},
  volume={33},
  number={2},
  pages={214--237},
  year={2018},
  publisher={Institute of Mathematical Statistics}
  
}






@book{rosenbaum2002observational,
 title={Observational Studies},
 author={Rosenbaum, P.R},
 year={2002},
 edition={2},
 publisher={Springer}
}




@article{neyman1923application,
  title={On the Application of Probability Theory to Agricultural Experiments. Essay on Principles. Section 9},
  author={Neyman, J.S. and Dabrowska, D. M. and  Speed, T. P. },
  journal={Statistical Science},
  volume={5},
  number={4},
  pages={465--472},
  year={1990},
  publisher={Institute of Mathematical Statistics},
  note={Translated and edited by D. M. Dabrowska and T. P. Speed from the Polish original, which appeared in Roczniki Nauk Rolniczych, Tom X (1923): 1–51 (Annals of Agricultural Sciences)}
}






@article{rubin1974estimating,
  title={Estimating causal effects of treatments in randomized and nonrandomized studies},
  author={Rubin, D.B.},
  journal={Journal of Educational Psychology},
  volume={66},
  number={5},
  pages={688--701},
  year={1974},
  publisher={American Psychological Association}
}





@article{rosenbaum1983central,
  title={The central role of the propensity score in observational studies for causal effects},
  author={Rosenbaum, P.R. and Rubin, D.B.},
  journal={Biometrika},
  volume={70},
  number={1},
  pages={41--55},
  year={1983}
}





@article{robins1986new,
  title={A new approach to causal inference in mortality studies with a sustained exposure period: application to control of the healthy worker survivor effect},
  author={Robins, James M.},
  journal={Mathematical Modelling},
  volume={7},
  number={9--12},
  pages={1393--1512},
  year={1986},
  publisher={Elsevier}
}





@article{linero2023how,
  title={The how and why of Bayesian nonparametric causal inference},
  author={Linero, A.R. and Antonelli, J.L.},
  journal={WIREs Computational Statistics},
  volume={15},
  number={1},
  pages={e1583},
  year={2023}
}






@article{li2023bayesian,
  title={Bayesian causal inference: A critical review},
  author={Li, Fan and Ding, Peng and Mealli, Fabrizia},
  journal={Philosophical Transactions of the Royal Society A: Mathematical, Physical and Engineering Sciences},
  volume={381},
  number={2247},
  pages={},
  year={2023},
  publisher={The Royal Society}
}





@incollection{rubin1985propensity,
  title={The Use of Propensity Scores in Applied Bayesian Inference},
  author={Rubin, D.B.},
  booktitle={Bayesian Statistics 2},
  pages={463--472},
  publisher={North-Holland/Elsevier},
year={1985}
}





@article{zigler2013model,
  title={Model feedback in Bayesian propensity score estimation},
  author={Zigler, C.M. and Watts, K. and Yeh, R.W. and Wang, Y. and Coull, B.A. and Dominici, F.},
  journal={Biometrics},
  volume={69},
  number={1},
  pages={263--273},
  year={2013}
}




@article{xu2023bayesian,
  title={Bridging the design and modeling of causal inference: A Bayesian nonparametric perspective},
  author={Xinyi, X. and MacEachern, S.N. and Lu, B.},
  journal={Observational Studies},
  volume={9},
  number={1},
  pages={ 119--124},
  year={2023}
}









@article{hill2011bayesian,
  title={Bayesian nonparametric modeling for causal inference},
  author={Hill, Jennifer L},
  journal={Journal of Computational and Graphical Statistics},
  volume={20},
  number={1},
  pages={217--240},
  year={2011},
  publisher={Taylor \& Francis}
}





@Article{Chipman10,
   author =   {Chipman, H.A. and George, E.I. and McCulloch, R.E.},
   title =    {BART: Bayesian additive regression trees },
   journal =  {The Annals of Applied Statistics},
   year =    {2010},
   volume =   {4},
   pages =   {266--298},
   number= {1}
 }






@article{xie2005adjusted,
  author = {Xie, Jung and Liu, Chaofeng},
  title = {Adjusted Kaplan-Meier estimator and log-rank test with inverse probability of treatment weighting for survival data},
  journal = {Statistics in Medicine},
  volume = {24},
  number = {20},
  pages = {3089-3110},
  year = {2005},
 
  publisher = {John Wiley & Sons, Ltd.}
}





@article{cole2004adjusted,
  author = {Cole, S.R. and Hernán, M.A.},
  title = {Adjusted survival curves with inverse probability weights},
  journal = {Computer Methods and Programs in Biomedicine},
  volume = {75},
  number = {1},
  pages = {45--49},
  year = {2004}
}






@article{austin2016performance,
  author = {Austin, P.C. and Schuster, T.},
  title = {The performance of different propensity score methods for estimating absolute effects of treatments on survival outcomes: A simulation study},
  journal = {Statistical Methods in Medical Research},
  volume = {25},
  number = {5},
  pages = {2214--2237},
  year = {2016}
}





@article{austin2015moving,
  author = {Austin, Peter C. and Stuart, Elizabeth A.},
  title = {Moving towards best practice when using inverse probability of treatment weighting (IPTW) using the propensity score to estimate causal treatment effects in observational studies},
  journal = {Statistics in Medicine},
  volume = {34},
  number = {28},
  pages = {3661-3679},
  year = {2015}
}





@article{austin2017estimating,
  title={Estimating the effect of treatment on binary outcomes using full matching on the propensity score},
  author={Austin, Peter C. and Stuart, Elizabeth A.},
  journal={Statistical Methods in Medical Research},
  volume={26},
  number={6},
  pages={2505--2525},
  year={2015},
  publisher={SAGE Publications}
}





@article{gayat2012propensity,
  title={Propensity score applied to survival data analysis through proportional hazards models: a Monte Carlo study},
  author={Gayat, Etienne and Resche-Rigon, Matthieu and Mary, Jean-Yves and Porcher, Raphaël},
  journal={Pharmaceutical Statistics},
  volume={11},
  number={3},
  pages={222--229},
  year={2012},
  publisher={Wiley Online Library}
}







@article{tian2020surrogate,
  author = {Wang, Xuan and Parast, Layla and Tian, Lu and Cai, Tianxi },
  title = {Model-free approach to quantifying the proportion of treatment effect explained by a surrogate marker},
  journal = {Biometrika},
  volume = {107},
  number = {1},
  pages = {107-122},
  year = {2020}
}




@article{shen2018personalized,
  author = {Shen, J. and Wang, L. and Daignault, S. and Spratt, E. Daniel and Morgan, M. Todd and Taylor, M.G. Jeremy},
  title = {Estimating the optimal personalized treatment strategy based on selected variables to prolong survival via Random Survival Forest with Weighted Bootstrap},
  journal = {Journal of Biopharmaceutical Statistics},
  volume = {28},
  number = {2},
  pages = {362-381},
  year = {2018}
}







@article{cui2023causal,
  author = {Cui, Y. and Kosorok, M.R. and Sverdrup, E. and Wager, S. and Zhu, R.},
  title = {Estimating heterogeneous treatment effects with right-censored data via causal survival forests},
  journal = {Journal of the Royal Statistical Society Series B: Statistical Methodology},
  volume = {85},
  number = {2},
  pages = {179-211},
  year = {2023}
}






@article{wager2018estimation,
  author = {Wager, Stefan and Athey, Susan},
  title = {Estimation and Inference of Heterogeneous Treatment Effects Using Random Forests},
  journal = {Journal of the American Statistical Association},
  volume = {113},
  number = {523},
  pages = {1228-1242},
  year = {2018},
  publisher={Taylor & Francis}}


@article{tabib2020survivalrf,
  author = {Tabib, Sami and Larocque, Denis},
  title = {Non-parametric individual treatment effect estimation for survival data with random forests},
  journal = {Bioinformatics},
  volume = {36},
  number = {2},
  pages = {629-636},
  year = {2020}
}





@article{hu2021estimating,
  title={Estimating heterogeneous survival treatment effect in observational data using machine learning},
  author={Hu, L. and Ji, J. and Li, F.},
  journal={Statistics in Medicine},
  volume={40},
  number={21},
  pages={4691--4713},
  year={2021},

}





@article{sparapani2016bayesian,
  author = {Sparapani, Rodney A. and Logan, Brent R. and McCulloch, Robert E and Laud, Purushottam W.},
  title = {Nonparametric survival analysis using Bayesian Additive Regression Trees (BART)},
  journal = {Statistics in Medicine},
  volume = {35},
  number = {16},
  pages = {2741-2753},
  year = {2016}
}





@Article{Ishwaran08,
   author = {Ishwaran, H. and Kogalur, U.B. and Blackstone, Eugene H. and Lauer, Michael S.},
   title = { Random survival forests },
   journal = {Annals of Applied Statistics},
   year = {2008},
   volume = {2},
   number = {3},
   pages = {841--860},
   publisher = {Institute of Mathematical Statistics}
 }






@article{katzman2018deep,
  author = {Katzman, Jared L. and Shaham, Uri and Cloninger, Alexander and Bates, Jonathan and Jiang, Tingtin and Kluger, Yuval},
  title = {DeepSurv: personalized treatment recommender system using a Cox proportional hazards deep neural network},
  journal = {BMC Medical Research Methodology},
  volume = {18},
  pages = {24},
  year = {2018},
  publisher = {springer nature}
}






@article{kvamme2019time,
  author = {Kvamme, H. and Borgan, Ø. and Scheel, I.},
  title = {Time-to-event prediction with neural networks and Cox regression},
  journal = {Journal of Machine Learning Research},
  volume = {20},
  number = {1},
  pages = {1-30},
  year = {2019}
}



@article{Schnell2020spatialconfounding,
  author = {Schnell, P.M. and Papadogeorgou,  G.},
  title = {Mitigating unobserved spatial confounding when estimating the effect of supermarket access on cardiovascular disease deaths},
  journal = {The Annals of Applied Statistics},
  volume = {14},
  number = {4},
  pages = {2069--2095},
  year = {2020}
}





@article{Davis2021propensityscore,
  author = {Davis, M.L. and Neelon, B. and Nietert, P.J. and Burgette, Lane F. and Hunt, Kelly J. and Lawson, Andrew B. and Egede, Leonard E.},
  title = {Propensity score matching for multilevel spatial data: accounting for geographic confounding in health disparity studies},
  journal = {International Journal of Health Geographics},
  volume = {20},
  number = {10},
  year = {2021}
}






@article{Jarner2002casecontrol,
  author = {Jarner, M.F. and Diggle, P. and Chetwynd, A.G.},
  title = {Estimation of Spatial Variation in Risk Using Matched Case-control Data},
  journal = {Biometrical Journal},
  volume = {44},
  number = {8},
  pages = {936--945},
  year = {2002},
 
}






@book{Hernán2023Causalinference,
    author={Hern´an, M.A. and Robins, J.M.},
    title ={Causal Inference What If} ,
    publisher ={Taylor & Francis group} ,
    year = {2023}
}





@article{Robins2000epidemiology,
  title={Marginal Structural Models and Causal Inference in Epidemiology},
  author={Robins, J.M. and Hernán, M.A. and Brumback, B.},
  journal={Epidemiology},
  volume={11},
  number={5},
  pages={550--560},
  year={2000}
}





@article{Austin2016competingrisk,
  title={Introduction to the Analysis of Survival Data in the Presence of Competing Risks},
  author={Austin, Peter C. and Lee, Douglas S. and Fine, Jason P.},
  journal={Circulation},
  volume={133},
  number={6},
  pages={601--609},
  year={2016}
}





@article{Royston2013restrictedaveragetreatment,
  title={Restricted mean survival time: an alternative to the hazard ratio for the design and analysis of randomized trials with a time-to-event outcome},
  author={Royston, Patrick and Parmar, Mahesh K.B.},
  journal={BMC Medical Research Methodology},
  volume={152},
  number={13},
  year={2013},
  publisher={Springer Nature}
}





@article{Tchegten2010doublyrobust,
  title={On doubly robust estimation in a semiparametric odds ratio model},
  author={Tchegten, Eric J. T. and Robins, James M. and Rotnitzky, Andrea},
  journal={Biometrika},
  volume={97},
  number={1},
  pages={171-180},
  year={2010},
  publisher={Oxford University Press}
}





@article{Bang2005missingdata,
  title={Doubly robust estimation in missing data and causal inference models},
  author={Bang, Heejung and Robins, James M.},
  journal={Biometrics},
  volume={61},
  number={4},
  pages={962--973},
  year={2005},
  publisher={Oxford Academic}
}

















@Article{Linero18,
   author = {Linero, A.R. and Yang, Y.},
   title = {Bayesian regression tree ensembles that adapt to smoothness and sparsity},
   journal = {Journal of the Royal Statistical Society. Series B: Statistical Methodology},
   year = {2018},
   volume = {80},
   number= {5},
   pages = {1087--1110},
   publisher={Royal Statistical Society}
 }













@article{hahn2020bayesian,
  title={Bayesian regression tree models for causal inference: regularization, confounding, and heterogeneous effects},
  author={Hahn, R.P. and Murray, J.S. and Carvalho, C.M.},
  journal={Bayesian Analysis},
  volume={15},
  number={3},
  pages={965--1056},
  year={2020},
  publisher={International Society for Bayesian Analysis}
}






@article{dorie2019automated,
  title={Automated versus do-it-yourself methods for causal inference: Lessons learned from a data analysis competition},
  author={Dorie, Vincent and Hill, Jennifer and Shalit, Uri and Scott, Marc and Cervone, Dan},
  journal={Statistical Science},
  volume={34},
  number={1},
  pages={43--68},
  year={2019},
  publisher={Institute of Mathematical Statistics}
}







@article{carnegie2019examining,
  title={Examining treatment effect heterogeneity using BART},
  author={Carnegie, N. and Vincent, D. and Hill, J.L.},
  journal={Observational Studies},
  volume={5},
  number={2},
  pages={52--70},
  year={2019}
}





@article{starling2020bart,
  title={Targeted Smooth Bayesian Causal Forests: An analysis of heterogeneous treatment effects for simultaneous vs. interval medical abortion regimens over gestation},
  author={Starling, Jennifer E. and Murray, Jared S. and Lohr,  Patricia A. and Aiken, Abigail R.A. and Carvalho, Carlos M. and Scott, James G.},
  journal={Annals of Applied Statistics},
  volume={15},
  number={3},
  pages={1194--1219},
  year={2021},
  publisher={Institute of Mathematical Statistics}
}





@Article{Linero22,
   author = {Linero, A.R.},
   title =  {SoftBart: Soft Bayesian Additive Regression Trees},
   journal = {arXiv},
   year =   {2022}
}





@article{gelfand1990sampling,
  title={Sampling-based approaches to calculating marginal densities},
  author={Gelfand, A.E. and Smith, A.F.M.},
  journal={Journal of the American Statistical Association},
  volume={85},
  number={410},
  pages={398--409},
  year={1990},
  publisher={Taylor \& Francis}
}





@article{chib1995understanding,
  title={Understanding the Metropolis-Hastings algorithm},
  author={Chib, Siddhartha and Greenberg, Edward},
  journal={The American Statistician},
  volume={49},
  number={4},
  pages={327--335},
  year={1995},
  publisher={Taylor \& Francis}
}



@article{hastings1970montecarlo,
  title={Monte Carlo sampling methods using Markov chains and their applications},
  author={Hastings, W.K.},
  journal={Biometrika},
  volume={57},
  number={1},
  pages={97--109},
  year={1970},
  publisher={Oxford Academic}
}

@book{rubin2006matching,
 title={Matched Sampling for Causal Effects},
 author={Rubin, Donald B.},
 year={2006},
 edition={1},
 publisher={Cambridge University Press}
}













@article{henderson2020bayesian,
  author = {Henderson, Nicolas C. and Louis, Thomas A. and  Rosner, Gary L. and Varadhan, Ravi},
  title = {Individualized treatment effects with censored data via fully nonparametric Bayesian accelerated failure time models},
  journal = {Biostatistics},
  volume = {21},
  number = {1},
  pages = {50-68},
  year = {2020}
}





@article{datta2019dagar,
  title={Spatial Disease Mapping Using Directed Acyclic Graph Auto-Regressive (DAGAR) Models},
  author={ Datta, A. and Banerjee, S. and  Hodges, J.S. and Gao, L.},
  journal={Bayesian Analysis},
  volume={14},
  number={4},
  pages={1221--1244},
  year={2019},
  publisher={Project Euclid}
}


@book{Tanner1987TheAugmentation,
    title = {Tools for Statistical Inference:
Methods for the Exploration of Posterior Distributions and Likelihood Functions},
    year = {1996},
    author = {Tanner, M.A.},
    publisher = {Springer-Verlag}

}

